@INPROCEEDINGS{Stadler96publiclyverifiable,
    author = {Markus Stadler},
    title = {Publicly Verifiable Secret Sharing},
    booktitle = {},
    year = {1996},
    pages = {190--199},
    publisher = {Springer-Verlag}
}

@INPROCEEDINGS{Schoenmakers99asimple,
    author = {Berry Schoenmakers},
    title = {A simple publicly verifiable secret sharing scheme and its application to electronic voting},
    booktitle = {In CRYPTO},
    year = {1999},
    pages = {148--164},
    publisher = {Springer-Verlag}
}

@techreport{TLP,
 author = {Rivest, R. L. and Shamir, A. and Wagner, D. A.},
 title = {Time-lock Puzzles and Timed-release Crypto},
 year = {1996},
 source = {http://www.ncstrl.org:8900/ncstrl/servlet/search?formname=detail\&id=oai%3Ancstrlh%3Amitai%3AMIT-LCS%2F%2FMIT%2FLCS%2FTR-684},
 publisher = {Massachusetts Institute of Technology},
 address = {Cambridge, MA, USA},
 url = {https://people.csail.mit.edu/rivest/pubs/RSW96.pdf},
} 

@book{Parhami,
author = {Parhami, B},
year = {2000},
month = {01},
pages = {},
title = {Computer Arithmetic: Algorithms and Hardware Designs},
isbn = {978-0-19-512583-2}
}

@article{RNS14,
author = {Antao, Samuel and Sousa, Leonel},
year = {2014},
month = {09},
pages = {249-259},
title = {A Flexible Architecture for Modular Arithmetic Hardware Accelerators based on RNS},
volume = {76},
journal = {Journal of Signal Processing Systems},
doi = {10.1007/s11265-014-0879-y}
}

@inproceedings{RNS13,
author = {Antao, Samuel and Sousa, Leonel},
year = {2013},
month = {10},
pages = {2572-2576},
title = {An RNS-based architecture targeting hardware accelerators for modular arithmetic},
journal = {Acoustics, Speech, and Signal Processing, 1988. ICASSP-88., 1988 International Conference on},
doi = {10.1109/ICASSP.2013.6638120}
}

@article{SchinianakisStouraitis2014,
author = {Schinianakis, Dr. Dimitrios and Stouraitis, Thanos},
year = {2014},
month = {04},
pages = {1156-1169},
title = {Multifunction Residue Architectures for Cryptography},
volume = {61},
journal = {Circuits and Systems I: Regular Papers, IEEE Transactions on},
doi = {10.1109/TCSI.2013.2283674}
}

@article{RNSonGPU07,
author = {Moss, Andrew and Page, Dan and P. Smart, Nigel},
year = {2007},
month = {01},
pages = {187},
title = {Executing Modular Exponentiation on a Graphics Accelerator},
volume = {2007},
journal = {IACR Cryptology ePrint Archive},
url = {https://eprint.iacr.org/2007/187.pdf}
}


@article{Araujo12,
author = {Juvenal Araujo},
title = {Hardware Based Asymmetrical Cryptography Supported on Residue Number System},
url = {https://fenix.tecnico.ulisboa.pt/downloadFile/281870113702203/Hardware%20Based%20Asymmetrical%20Cryptography%20on%20RNS%20-%20DATE%20workshop%20paper.pdf},
}

@misc{Moss07,
    author = {A. Moss and D. Page and N. Smart},
    title = {Executing Modular Exponentiation on a Graphics Accelerator},
    year = {2007},
    url ={https://eprint.iacr.org/2007/187}
}


@article{BernsteinSorenson07,
author = {J Bernstein, Daniel and Sorenson, Jonathan},
year = {2007},
month = {03},
pages = {},
title = {Modular exponentiation via the explicit Chinese remainder theorem},
volume = {76},
journal = {Scholarship and professional work from the Liberal Arts and Sciences},
doi = {10.1090/S0025-5718-06-01849-7},
url = {https://cr.yp.to/papers.html#meecrt}
}


@article{Fantomette,
  title={Betting on Blockchain Consensus with Fantomette},
  author={Sarah Azouvi and Patrick McCorry and Sarah Meiklejohn},
  journal={CoRR},
  year={2018},
  volume={abs/1805.06786},
  url = {https://arxiv.org/abs/1805.06786}
}

@article{ordinary_cocks_pinch,
author = {Boneh, Dan and Rubin, Karl and Silverberg, Alice},
year = {2009},
month = {01},
pages = {533},
title = {Finding composite order ordinary elliptic curves using the Cocksâ€“Pinch method},
volume = {2009},
journal = {IACR Cryptology ePrint Archive},
doi = {10.1016/j.jnt.2010.05.001},
url = {https://eprint.iacr.org/2009/533.pdf}
}

@InProceedings{Pietrzak,
  author =	{Krzysztof Pietrzak},
  title =	{{Simple Verifiable Delay Functions}},
  booktitle =	{10th Innovations in Theoretical Computer Science  Conference (ITCS 2019)},
  pages =	{60:1--60:15},
  series =	{Leibniz International Proceedings in Informatics (LIPIcs)},
  ISBN =	{978-3-95977-095-8},
  ISSN =	{1868-8969},
  year =	{2018},
  volume =	{124},
  editor =	{Avrim Blum},
  publisher =	{Schloss Dagstuhl--Leibniz-Zentrum fuer Informatik},
  address =	{Dagstuhl, Germany},
  URN =		{urn:nbn:de:0030-drops-101537},
  doi =		{10.4230/LIPIcs.ITCS.2019.60},
  annote =	{Keywords: Verifiable delay functions, Time-lock puzzles}
}

@misc{Wesolowski,
    author = {Benjamin Wesolowski},
    title = {Efficient verifiable delay functions},
    howpublished = {Cryptology ePrint Archive, Report 2018/623},
    year = {2018},
    url = {https://eprint.iacr.org/2018/623},
}

@misc{survey,
    author = {Dan Boneh and Benedikt B\"unz and Ben Fisch},
    title = {A Survey of Two Verifiable Delay Functions},
    howpublished = {Cryptology ePrint Archive, Report 2018/712},
    year = {2018},
    url = {https://eprint.iacr.org/2018/712},
}

@Article{boneh+lynn+shacham04,
  author               = {Boneh, Dan and Lynn, Ben and Shacham, Hovav},
  title                = {Short Signatures from the {W}eil Pairing},
  journal              = {Journal of Cryptology},
  year                 = {2004},
  volume               = {17},
  number               = {4},
  pages                = {297-319},
  month                = sep,
  issn                 = {0933-2790},
  day                  = {28},
  doi                  = {10.1007/s00145-004-0314-9},
  keywords             = {cryptography, elliptic\_curve, pairing},
  posted-at            = {2010-07-26 13:57:43},
  publisher            = {Springer}
}

@InProceedings{Boneh,
  author    = {Boneh, Dan and Bonneau, Joseph and B{\"u}nz, Benedikt and Fisch, Ben},
  title     = {Verifiable Delay Functions},
  booktitle = {Advances in Cryptology -- CRYPTO 2018},
  year      = {2018},
  editor    = {Shacham, Hovav and Boldyreva, Alexandra},
  pages     = {757--788},
  address   = {Cham},
  publisher = {Springer International Publishing},
  abstract  = {We study the problem of building a verifiable delay function (VDF). A {\$}{\$}{\backslash}text {\{}VDF{\}}{\$}{\$}VDFrequires a specified number of sequential steps to evaluate, yet produces a unique output that can be efficiently and publicly verified. {\$}{\$}{\backslash}text {\{}VDF{\}}{\$}{\$}VDFs have many applications in decentralized systems, including public randomness beacons, leader election in consensus protocols, and proofs of replication. We formalize the requirements for {\$}{\$}{\backslash}text {\{}VDF{\}}{\$}{\$}VDFs and present new candidate constructions that are the first to achieve an exponential gap between evaluation and verification time.},
  isbn      = {978-3-319-96884-1},
}

@InProceedings{10.1007/3-540-44647-8_13,
  author = {Boneh, Dan and Franklin, Matt},
  editor = {Kilian, Joe},
  title = {Identity-Based Encryption from the {Weil} Pairing},
  booktitle = {Advances in Cryptology --- CRYPTO 2001},
  year = {2001},
  publisher = {Springer Berlin Heidelberg},
  address = {Berlin, Heidelberg},
  pages = {213--229},
  abstract = {We propose a fully functional identity-based encryption scheme (IBE). The scheme has chosen ciphertext security in the random oracle model assuming an elliptic curve variant of the computational Diffie-Hellman problem. Our system is based on the Weil pairing. We give precise definitions for secure identity based encryption schemes and give several applications for such systems.},
  isbn = {978-3-540-44647-7}
}

@article{doi:10.1137/S0097539701398521,
  author = {Boneh, Dan and Franklin, Matthew},
  title = {Identity-Based Encryption from the {Weil} Pairing},
  journal = {SIAM Journal on Computing},
  volume = {32},
  number = {3},
  pages = {586-615},
  year = {2003},
  doi = {10.1137/S0097539701398521},
  url = {https://doi.org/10.1137/S0097539701398521},
}

@electronic{ethereum-vdf,
  title = {{VDF FPGA} Competition},
  author = {{VDF Alliance}},
  year = {2019},
  url = {https://supranational.atlassian.net/wiki/spaces/VA/pages/36569208/FPGA+Competition}
}

@electronic{chia-vdf,
  title = {Chia Network Announces 2nd {VDF} Competition with \$100,000 in Total Prize Money},
  author = {Matt Howard and Bram Cohen},
  year = {2019},
  url = {https://www.chia.net/2019/04/04/chia-network-announces-second-vdf-competition-with-in-total-prize-money.en.html}
}

@InProceedings{10.1007/BFb0052253,
  author = {Boneh, Dan and Franklin, Matthew},
  editor = {Kaliski, Burton S.},
  title = {Efficient generation of shared {RSA} keys},
  booktitle = {Advances in Cryptology --- CRYPTO '97},
  year = {1997},
  publisher = {Springer Berlin Heidelberg},
  address = {Berlin, Heidelberg},
  pages = {425--439},
  abstract = {We describe efficient techniques for three (or more) parties to jointly generate an RSA key. At the end of the protocol an RSA modulus N = pq is publicly known. None of the parties know the factorization of N. In addition a public encryption exponent is publicly known and each party holds a share of the private exponent that enables threshold decryption. Our protocols are efficient in computation and communication.},
  isbn = {978-3-540-69528-8}
}

@InProceedings{C:MalThy19,
  author =       "Giulio Malavolta and
                  Sri Aravinda Krishnan Thyagarajan",
  title =        "Homomorphic Time-Lock Puzzles and Applications",
  pages =        "620--649",
  editor =       crypto19ed,
  booktitle =    crypto19name1,
  volume =       crypto19vol1,
  address =      cryptoaddr,
  month =        crypto19month,
  publisher =    cryptopub,
  series =       mylncs,
  year =         2019,
  doi =          "10.1007/978-3-030-26948-7_22",
}

@InProceedings{FOCS:GGHRSW13,
  author =       "Sanjam Garg and
                  Craig Gentry and
                  Shai Halevi and
                  Mariana Raykova and
                  Amit Sahai and
                  Brent Waters",
  title =        "Candidate Indistinguishability Obfuscation and Functional Encryption for all Circuits",
  pages =        "40--49",
  editor =       focs13ed,
  booktitle =    focs13name,
  address =      focs13addr,
  month =        focs13month,
  publisher =    focspub,
  year =         2013,
  doi =          "10.1109/FOCS.2013.13",
}



@InProceedings{10.1007/978-3-540-74143-5_24,
author="Goyal, Vipul",
editor="Menezes, Alfred",
title="Reducing Trust in the PKG in Identity Based Cryptosystems",
booktitle="Advances in Cryptology - CRYPTO 2007",
year="2007",
publisher="Springer Berlin Heidelberg",
address="Berlin, Heidelberg",
pages="430--447",
abstract="One day, you suddenly find that a private key corresponding to your Identity is up for sale at e-Bay. Since you do not suspect a key compromise, perhaps it must be the PKG who is acting dishonestly and trying to make money by selling your key. How do you find out for sure and even prove it in a court of law?",
isbn="978-3-540-74143-5"
}


